@inproceedings{Agrawal:2008,
 author = {Agrawal, Jagrati and Diao, Yanlei and Gyllstrom, Daniel and Immerman, Neil},
 title = {Efficient pattern matching over event streams},
 booktitle = {Proceedings of the 2008 ACM SIGMOD international conference on Management of data},
 series = {SIGMOD '08},
 year = {2008},
 isbn = {978-1-60558-102-6},
 location = {Vancouver, Canada},
 pages = {147--160},
 numpages = {14},
 url = {http://doi.acm.org/10.1145/1376616.1376634},
 doi = {10.1145/1376616.1376634},
 acmid = {1376634},
 publisher = {ACM},
 address = {New York, NY, USA},
 keywords = {event streams, pattern matching, query optimization},
},

@article{Akdere:2008,
 author = {Akdere, Mert and \c{C}etintemel, U\v{g}ur and Tatbul, Nesime},
 title = {Plan-based complex event detection across distributed sources},
 journal = {Proc. VLDB Endow.},
 issue_date = {August 2008},
 volume = {1},
 number = {1},
 month = aug,
 year = {2008},
 issn = {2150-8097},
 pages = {66--77},
 numpages = {12},
 url = {http://dl.acm.org/citation.cfm?id=1453856.1453869},
 acmid = {1453869},
 publisher = {VLDB Endowment},
} ,

@inproceedings{Ding:2008,
 author = {Ding, Luping and Chen, Songting and Rundensteiner, Elke A. and Tatemura, Junichi and Hsiung, Wang-Pin and Candan, K. Selcuk},
 title = {Runtime Semantic Query Optimization for Event Stream Processing},
 booktitle = {Proceedings of the 2008 IEEE 24th International Conference on Data Engineering},
 series = {ICDE '08},
 year = {2008},
 isbn = {978-1-4244-1836-7},
 pages = {676--685},
 numpages = {10},
 url = {http://dx.doi.org/10.1109/ICDE.2008.4497476},
 doi = {10.1109/ICDE.2008.4497476},
 acmid = {1547070},
 publisher = {IEEE Computer Society},
 address = {Washington, DC, USA},
} ,

@inproceedings{Wu:2006,
 author = {Wu, Eugene and Diao, Yanlei and Rizvi, Shariq},
 title = {High-performance complex event processing over streams},
 booktitle = {Proceedings of the 2006 ACM SIGMOD international conference on Management of data},
 series = {SIGMOD '06},
 year = {2006},
 isbn = {1-59593-434-0},
 location = {Chicago, IL, USA},
 pages = {407--418},
 numpages = {12},
 url = {http://doi.acm.org/10.1145/1142473.1142520},
 doi = {10.1145/1142473.1142520},
 acmid = {1142520},
 publisher = {ACM},
 address = {New York, NY, USA},
 keywords = {RFID, complex event language, events, query optimization, sequences, streams},
} ,

@inproceedings{Brenna:2007,
 author = {Brenna, Lars and Demers, Alan and Gehrke, Johannes and Hong, Mingsheng and Ossher, Joel and Panda, Biswanath and Riedewald, Mirek and Thatte, Mohit and White, Walker},
 title = {Cayuga: a high-performance event processing engine},
 booktitle = {Proceedings of the 2007 ACM SIGMOD international conference on Management of data},
 series = {SIGMOD '07},
 year = {2007},
 isbn = {978-1-59593-686-8},
 location = {Beijing, China},
 pages = {1100--1102},
 numpages = {3},
 url = {http://doi.acm.org/10.1145/1247480.1247620},
 doi = {10.1145/1247480.1247620},
 acmid = {1247620},
 publisher = {ACM},
 address = {New York, NY, USA},
 keywords = {complex event processing, continuous query processing, publish/subscribe},
} ,

@inproceedings{Li:2009,
 author = {Li, Ming and Mani, Murali and Rundensteiner, Elke A. and Wang, Di and Lin, Tao},
 title = {Interval event stream processing},
 booktitle = {Proceedings of the Third ACM International Conference on Distributed Event-Based Systems},
 series = {DEBS '09},
 year = {2009},
 isbn = {978-1-60558-665-6},
 location = {Nashville, Tennessee},
 pages = {35:1--35:2},
 articleno = {35},
 numpages = {2},
 url = {http://doi.acm.org/10.1145/1619258.1619302},
 doi = {10.1145/1619258.1619302},
 acmid = {1619302},
 publisher = {ACM},
 address = {New York, NY, USA},
}, 

@inproceedings{Li:2010,
 author = {Li, Ming and Mani, Murali and Rundensteiner, Elke A. and Lin, Tao},
 title = {Constraint-aware complex event pattern detection over streams},
 booktitle = {Proceedings of the 15th international conference on Database Systems for Advanced Applications - Volume Part II},
 series = {DASFAA'10},
 year = {2010},
 isbn = {3-642-12097-0, 978-3-642-12097-8},
 location = {Tsukuba, Japan},
 pages = {199--215},
 numpages = {17},
 url = {http://dx.doi.org/10.1007/978-3-642-12098-5_16},
 doi = {10.1007/978-3-642-12098-5_16},
 acmid = {2128187},
 publisher = {Springer-Verlag},
 address = {Berlin, Heidelberg},
} ,

@INPROCEEDINGS{Liu:2009, 
author={Mo Liu and Li, Ming and Golovnya, D. and Rundensteiner, E.A. and Claypool, K.}, 
booktitle={Data Engineering, 2009. ICDE '09. IEEE 25th International Conference on}, title={Sequence Pattern Query Processing over Out-of-Order Event Streams}, 
year={2009}, 
pages={784-795}, 
keywords={query processing;radiofrequency identification;RFID tracking;aggressive strategy;complex event processing;error compensation methods;out-of-order event streams;partial order guarantee;real-time intrusion detection;sequence pattern query processing;supply chain management;Data mining;Delay;Engines;Face detection;Intrusion detection;Out of order;Query processing;Radiofrequency identification;Robustness;Supply chain management}, 
doi={10.1109/ICDE.2009.95}, 
ISSN={1084-4627},
},

@inproceedings{Li:2011,
 author = {Li, Ming and Mani, Murali and Rundensteiner, Elke A. and Lin, Tao},
 title = {Complex event pattern detection over streams with interval-based temporal semantics},
 booktitle = {Proceedings of the 5th ACM international conference on Distributed event-based system},
 series = {DEBS '11},
 year = {2011},
 isbn = {978-1-4503-0423-8},
 location = {New York, New York, USA},
 pages = {291--302},
 numpages = {12},
 url = {http://doi.acm.org/10.1145/2002259.2002297},
 doi = {10.1145/2002259.2002297},
 acmid = {2002297},
 publisher = {ACM},
 address = {New York, NY, USA},
 keywords = {event, interval, pattern detection, punctuation, stream},
} ,

@article{Allen:1983,
 author = {Allen, James F.},
 title = {Maintaining knowledge about temporal intervals},
 journal = {Commun. ACM},
 issue_date = {Nov. 1983},
 volume = {26},
 number = {11},
 month = nov,
 year = {1983},
 issn = {0001-0782},
 pages = {832--843},
 numpages = {12},
 url = {http://doi.acm.org/10.1145/182.358434},
 doi = {10.1145/182.358434},
 acmid = {358434},
 publisher = {ACM},
 address = {New York, NY, USA},
 keywords = {interval reasoning, interval representation, temporal interval},
} ,

@inproceedings{Ilyas:2003,
 author = {Ilyas, Ihab F. and Rao, Jun and Lohman, Guy and Gao, Dengfeng and Lin, Eileen},
 title = {Estimating compilation time of a query optimizer},
 booktitle = {Proceedings of the 2003 ACM SIGMOD international conference on Management of data},
 series = {SIGMOD '03},
 year = {2003},
 isbn = {1-58113-634-X},
 location = {San Diego, California},
 pages = {373--384},
 numpages = {12},
 url = {http://doi.acm.org/10.1145/872757.872803},
 doi = {10.1145/872757.872803},
 acmid = {872803},
 publisher = {ACM},
 address = {New York, NY, USA},
} ,


@ONLINE{Franke:2011,
author = {Franke, JÃ¶rn},
title = {Allen Interval Relationships},
month = December,
year = {2011},
url = {https://code.google.com/p/allenintervalrelationships/}
},

@inproceedings{Rosu:2006,
 author = {Ro\c{s}u, Grigore and Bensalem, Saddek},
 title = {Allen linear (interval) temporal logic \&\#8211; translation to LTL and monitor synthesis},
 booktitle = {Proceedings of the 18th international conference on Computer Aided Verification},
 series = {CAV'06},
 year = {2006},
 isbn = {3-540-37406-X, 978-3-540-37406-0},
 location = {Seattle, WA},
 pages = {263--277},
 numpages = {15},
 url = {http://dx.doi.org/10.1007/11817963_25},
 doi = {10.1007/11817963_25},
 acmid = {2135944},
 publisher = {Springer-Verlag},
 address = {Berlin, Heidelberg},
} ,

@article{Bacchus:1998,
 author = {Bacchus, Fahiem and Kabanza, Froduald},
 title = {Planning for temporally extended goals},
 journal = {Annals of Mathematics and Artificial Intelligence},
 issue_date = {1998},
 volume = {22},
 number = {1-2},
 month = jan,
 year = {1998},
 issn = {1012-2443},
 pages = {5--27},
 numpages = {23},
 url = {http://dx.doi.org/10.1023/A:1018985923441},
 doi = {10.1023/A:1018985923441},
 acmid = {590230},
 publisher = {Kluwer Academic Publishers},
 address = {Hingham, MA, USA},
} ,

@inproceedings{Cook:1971,
 author = {Cook, Stephen A.},
 title = {The complexity of theorem-proving procedures},
 booktitle = {Proceedings of the third annual ACM symposium on Theory of computing},
 series = {STOC '71},
 year = {1971},
 location = {Shaker Heights, Ohio, USA},
 pages = {151--158},
 numpages = {8},
 url = {http://doi.acm.org/10.1145/800157.805047},
 doi = {10.1145/800157.805047},
 acmid = {805047},
 publisher = {ACM},
 address = {New York, NY, USA},
} ,


@inproceedings{Armando:1999,
 author = {Armando, Alessandro and Castellini, Claudio and Giunchiglia, Enrico},
 title = {SAT-Based Procedures for Temporal Reasoning},
 booktitle = {Proceedings of the 5th European Conference on Planning: Recent Advances in AI Planning},
 series = {ECP '99},
 year = {2000},
 isbn = {3-540-67866-2},
 pages = {97--108},
 numpages = {12},
 url = {http://dl.acm.org/citation.cfm?id=647868.737113},
 acmid = {737113},
 publisher = {Springer-Verlag},
 address = {London, UK, UK},
} ,

@article{Pearce:2004,
 author = {Pearce, David J. and Kelly, Paul H. J. and Hankin, Chris},
 title = {Online Cycle Detection and Difference Propagation: Applications to Pointer Analysis},
 journal = {Software Quality Control},
 issue_date = {December 2004},
 volume = {12},
 number = {4},
 month = dec,
 year = {2004},
 issn = {0963-9314},
 pages = {311--337},
 numpages = {27},
 url = {http://dx.doi.org/10.1023/B:SQJO.0000039791.93071.a2},
 doi = {10.1023/B:SQJO.0000039791.93071.a2},
 acmid = {1016956},
 publisher = {Kluwer Academic Publishers},
 address = {Hingham, MA, USA},
} ,

@inproceedings{Een:2003,
  author    = {Niklas E{\'e}n and
               Niklas S{\"o}rensson},
  title     = {An Extensible SAT-solver},
  booktitle = {SAT},
  year      = {2003},
  pages     = {502-518},
  ee        = {http://dx.doi.org/10.1007/978-3-540-24605-3_37},
  crossref  = {DBLP:conf/sat/2003},
  bibsource = {DBLP, http://dblp.uni-trier.de}
},

@ONLINE{10gen:2013,
author = {10gen},
title = {MongoDB},
url = {http://mongodb.org}
},

@ONLINE{GitHub:2013,
author = {GitHub Inc.},
title = {GitHub},
url = {http://github.org}
},


@ONLINE{Percona:2013,
author = {Percona},
title = {Percona Server},
url = {http://www.percona.com/software/percona-server}
},

@ONLINE{Oracle:2013,
author = {Oracle},
title = {MySQL, the world's more popular open-source database},
url = {http://www.mysql.com}
},

@ONLINE{SQL:btree,
author = {Oracle},
title = {Comparison of B-Tree and Hash Indexes},
url = {http://dev.mysql.com/doc/refman/5.5/en/index-btree-hash.html}
},

@inproceedings{DeMoura:2008,
 author = {De Moura, Leonardo and Bj{\o}rner, Nikolaj},
 title = {Z3: an efficient SMT solver},
 booktitle = {Proceedings of the Theory and practice of software, 14th international conference on Tools and algorithms for the construction and analysis of systems},
 series = {TACAS'08/ETAPS'08},
 year = {2008},
 isbn = {3-540-78799-2, 978-3-540-78799-0},
 location = {Budapest, Hungary},
 pages = {337--340},
 numpages = {4},
 url = {http://dl.acm.org.proxy-um.researchport.umd.edu/citation.cfm?id=1792734.1792766},
 acmid = {1792766},
 publisher = {Springer-Verlag},
 address = {Berlin, Heidelberg},
} ,

@inproceedings{amdahl:1967,
title={Validity of the single processor approach to achieving large scale computing capabilities},
author={Amdahl, Gene M},
booktitle={Proceedings of the April 18-20, 1967, spring joint computer conference},
pages={483--485},
year={1967},
organization={ACM}
}